@INPROCEEDINGS{hogwild2011,
    author = {Feng Niu and Benjamin Recht and Christopher RÃ© and Stephen J. Wright},
    title = {Hogwild: A Lock-Free Approach to Parallelizing Stochastic Gradient Descent},
    booktitle = {In NIPS},
    year = {2011}
}

@article{shotgun2011,
  author    = {Joseph K. Bradley and
               Aapo Kyrola and
               Danny Bickson and
               Carlos Guestrin},
  title     = {Parallel Coordinate Descent for L1-Regularized Loss Minimization},
  journal   = {CoRR},
  volume    = {abs/1105.5379},
  year      = {2011},
  ee        = {http://arxiv.org/abs/1105.5379},
  bibsource = {DBLP, http://dblp.uni-trier.de}
}